<?xml version="1.0" encoding="UTF-8"?><record xmlns="http://www.loc.gov/MARC21/slim" xmlns:cinclude="http://apache.org/cocoon/include/1.0" xmlns:zs="http://www.loc.gov/zing/srw/">
  <leader>00384nz  a2200121n  4500</leader>
  <controlfield tag="001">n  89611019 </controlfield>
  <controlfield tag="003">DLC</controlfield>
  <controlfield tag="005">19890224114714.9</controlfield>
  <controlfield tag="008">890224n| acannaab|          |n aad |||  </controlfield>
  <datafield tag="010" ind1=" " ind2=" ">
    <subfield code="a">n  89611019 </subfield>
  </datafield>
  <datafield tag="040" ind1=" " ind2=" ">
    <subfield code="a">DLC</subfield>
    <subfield code="c">DLC</subfield>
  </datafield>
  <datafield tag="100" ind1="1" ind2="0">
    <subfield code="a">Katz, Judith I.</subfield>
  </datafield>
  <datafield tag="670" ind1=" " ind2=" ">
    <subfield code="a">nuc89-18670: Denney, W.M. The impact of advertising, marketing ... 1978</subfield>
    <subfield code="b">(hdg. on MiU rept.: Katz, Judith I.; usage: Judith I. Katz)</subfield>
  </datafield>
</record>